@misc{comb1,
title = {Combination Identities},
author = {Graeme McRae},
note = {\url{http://www.fermentas.com/techinfo/nucleicacids/maplambda.htm}}
}

@misc{comb2,
title = {Pascal's triangle - Rows},
author = {Wikipedia},
note = {\url{http://en.wikipedia.org/wiki/Pascal%27s_triangle#Rows}}
}

@misc{comb3,
titel = {Shallow diagonals of Pascal's trangle},
author = {Wolfram},
note = {\url{http://mathworld.wolfram.com/PascalsTriangle.html}}
}

@misc{comb4,
title = {Figurate number},
author = {Wikipedia},
note = {\url{http://en.wikipedia.org/wiki/Figurate_number#Triangular_numbers}}
}
